<?xml version="1.0" encoding="UTF-8"?><collection xmlns="http://www.loc.gov/MARC21/slim"><record><leader>00423nam--2200121-i-4500</leader><controlfield tag="001">000005288</controlfield><controlfield tag="002">20161230</controlfield><controlfield tag="005">20161230201026</controlfield><controlfield tag="008">060222s1000------------r-----000-0-eng-d</controlfield><datafield ind1=" " ind2=" " tag="080"><subfield code="a">621.039(038)=004=20=30=40=50:823.323.9</subfield></datafield><datafield ind1=" " ind2=" " tag="245"><subfield code="a">Atomic terminology. a dictionary of nuclear sc ience, engineering and technology in four lang uages : english-german-french-italian</subfield></datafield><datafield ind1=" " ind2=" " tag="260"><subfield code="a">Munchen, Isar Verlag, 1958. 298 P</subfield></datafield><datafield ind1=" " ind2=" " tag="852"><subfield code="a">D197</subfield></datafield></record></collection>